<?xml version = "1.0" encoding = "UTF-8"?><OAI-PMH xmlns="http://www.openarchives.org/OAI/2.0/" xmlns:xsi="http://www.w3.org/2001/XMLSchema-instance" xsi:schemaLocation="http://www.openarchives.org/OAI/2.0/ http://www.openarchives.org/OAI/2.0/OAI-PMH.xsd"><ListRecords><record><header><identifier>aleph-publish:011317889</identifier></header><metadata><record xmlns="http://www.ddb.de/professionell/mabxml/mabxml-1.xsd"><leader>00000nM2.01200024------h</leader><controlfield tag="LDR">00000nM2.01200024------h</controlfield><controlfield tag="FMT">MH</controlfield><datafield tag="001" ind1="-" ind2="1"><subfield code="a">HT012990825</subfield></datafield><datafield tag="002" ind1="a" ind2="1"><subfield code="a">20000530</subfield></datafield><datafield tag="003" ind1="-" ind2="1"><subfield code="a">20230207143213</subfield></datafield><datafield tag="020" ind1="a" ind2="1"><subfield code="a">2014924-4</subfield><subfield code="b">DNB</subfield></datafield><datafield tag="025" ind1="z" ind2="1"><subfield code="a">2014924-4</subfield></datafield><datafield tag="025" ind1="a" ind2="1"><subfield code="a">020455976</subfield></datafield><datafield tag="025" ind1="o" ind2="1"><subfield code="a">645275674</subfield></datafield><datafield tag="026" ind1="-" ind2="1"><subfield code="a">ZDB2014924-4</subfield></datafield><controlfield tag="030">a||u|||||||37</controlfield><datafield tag="036" ind1="a" ind2="1"><subfield code="a">XA-NL</subfield></datafield><datafield tag="037" ind1="b" ind2="1"><subfield code="a">eng</subfield></datafield><controlfield tag="050">||||||||g|||||</controlfield><controlfield tag="052">p||||||a|||||||</controlfield><datafield tag="060" ind1="-" ind2="1"><subfield code="b">txt</subfield><subfield code="a">Text</subfield></datafield><datafield tag="061" ind1="-" ind2="1"><subfield code="b">c</subfield><subfield code="a">Computermedien</subfield></datafield><datafield tag="062" ind1="-" ind2="1"><subfield code="b">cr</subfield><subfield code="a">Online-Ressource</subfield></datafield><datafield tag="064" ind1="a" ind2="1"><subfield code="a">Zeitschrift</subfield><subfield code="9">(DE-588)4067488-5</subfield></datafield><datafield tag="070" ind1="-" ind2="1"><subfield code="a">6999</subfield></datafield><datafield tag="070" ind1="a" ind2="1"><subfield code="a">DNB</subfield></datafield><datafield tag="070" ind1="b" ind2="1"><subfield code="a">4065</subfield></datafield><datafield tag="076" ind1="c" ind2="1"><subfield code="a">nl la</subfield></datafield><datafield tag="078" ind1="e" ind2="1"><subfield code="a">ZDB-1-SOJ</subfield><subfield code="a">ZDB-2-COE</subfield><subfield code="a">ZDB-1-LISC</subfield></datafield><datafield tag="331" ind1="-" ind2="1"><subfield code="a">Archival science</subfield></datafield><datafield tag="335" ind1="-" ind2="1"><subfield code="a">international journal on recorded information</subfield></datafield><datafield tag="405" ind1="-" ind2="1"><subfield code="a">1.2001 -</subfield></datafield><datafield tag="406" ind1="b" ind2="1"><subfield code="d">1</subfield><subfield code="j">2001</subfield></datafield><datafield tag="419" ind1="-" ind2="1"><subfield code="a">[Erscheinungsort nicht ermittelbar]</subfield><subfield code="b">Proquest</subfield><subfield code="c">2001-</subfield><subfield code="A">3</subfield></datafield><datafield tag="419" ind1="-" ind2="1"><subfield code="a">Dordrecht [u.a.]</subfield><subfield code="b">Springer Science + Business Media B.V</subfield><subfield code="c">2001-</subfield><subfield code="A">3</subfield></datafield><datafield tag="419" ind1="-" ind2="1"><subfield code="a">Dordrecht [u.a.]</subfield><subfield code="b">Kluwer</subfield><subfield code="c">-2004</subfield><subfield code="A">2</subfield></datafield><datafield tag="425" ind1="b" ind2="1"><subfield code="a">2001</subfield></datafield><datafield tag="433" ind1="-" ind2="1"><subfield code="a">Online-Ressource</subfield></datafield><datafield tag="537" ind1="-" ind2="1"><subfield code="a">HZV!URL-Änderung(29-01-02);C!URL-Änderung(01-03-05)</subfield></datafield><datafield tag="542" ind1="a" ind2="1"><subfield code="a">1573-7519</subfield></datafield><datafield tag="574" ind1="-" ind2="1"><subfield code="a">17,O11</subfield></datafield><datafield tag="580" ind1="-" ind2="1"><subfield code="a">pq53281</subfield></datafield><datafield tag="583" ind1="-" ind2="1"><subfield code="a">Archivierung/Langzeitarchivierung gewährleistet</subfield><subfield code="5">DE-101</subfield><subfield code="2">pdager</subfield></datafield><datafield tag="655" ind1="e" ind2="1"><subfield code="u">http://www.bibliothek.uni-regensburg.de/ezeit/?2014924</subfield><subfield code="x">EZB</subfield><subfield code="A">0</subfield></datafield><datafield tag="655" ind1="e" ind2="1"><subfield code="u">http://link.springer.com/journal/10502</subfield><subfield code="x">Verlag</subfield><subfield code="A">0</subfield></datafield><datafield tag="655" ind1="e" ind2="1"><subfield code="u">http://link.springer.com/journal/10502</subfield><subfield code="x">Verlag; 1.2001 - 2.2002</subfield><subfield code="z">Deutschlandweit zugänglich</subfield><subfield code="A">0</subfield></datafield><datafield tag="700" ind1="-" ind2="1"><subfield code="a">900</subfield><subfield code="2">ZDB</subfield></datafield><datafield tag="776" ind1="-" ind2="1"><subfield code="i">Druckausg.</subfield><subfield code="t">Archival science</subfield><subfield code="d">Dordrecht : Springer, 2001-</subfield><subfield code="x">1389-0166</subfield><subfield code="9">HT012729160</subfield></datafield><datafield tag="780" ind1="-" ind2="1"><subfield code="i">Vorg.:</subfield><subfield code="a">Archives and Museums Informatics &lt;Pittsburgh, Pa.&gt;</subfield><subfield code="t">Archives and Museum Informatics</subfield><subfield code="d">Dordrecht [u.a.] : Springer Science + Business Media B.V, 1989-1999</subfield><subfield code="h">Online-Ressource</subfield><subfield code="x">1573-7500</subfield><subfield code="A">0</subfield><subfield code="9">HT012719245</subfield></datafield><controlfield tag="SYS">011317889</controlfield><datafield tag="LOW" ind1="-" ind2="1"><subfield code="a">A0001</subfield></datafield><datafield tag="LOW" ind1="-" ind2="1"><subfield code="a">G5001</subfield></datafield><datafield tag="LOW" ind1="-" ind2="1"><subfield code="a">K5001</subfield></datafield><datafield tag="LOW" ind1="-" ind2="1"><subfield code="a">J5001</subfield></datafield><datafield tag="LOW" ind1="-" ind2="1"><subfield code="a">X5001</subfield></datafield><datafield tag="LOW" ind1="-" ind2="1"><subfield code="a">L5001</subfield></datafield><datafield tag="LOW" ind1="-" ind2="1"><subfield code="a">F0001</subfield></datafield><datafield tag="LOW" ind1="-" ind2="1"><subfield code="a">I5001</subfield></datafield><datafield tag="LOW" ind1="-" ind2="1"><subfield code="a">B0001</subfield></datafield><datafield tag="LOW" ind1="-" ind2="1"><subfield code="a">U0001</subfield></datafield><datafield tag="LOW" ind1="-" ind2="1"><subfield code="a">S0001</subfield></datafield><datafield tag="LOW" ind1="-" ind2="1"><subfield code="a">W0001</subfield></datafield><datafield tag="LOW" ind1="-" ind2="1"><subfield code="a">Q0001</subfield></datafield><datafield tag="LOW" ind1="-" ind2="1"><subfield code="a">M0001</subfield></datafield><datafield tag="LOW" ind1="-" ind2="1"><subfield code="a">K0001</subfield></datafield><datafield tag="LOW" ind1="-" ind2="1"><subfield code="a">KM001</subfield></datafield><datafield tag="LOW" ind1="-" ind2="1"><subfield code="a">KP001</subfield></datafield><datafield tag="LOW" ind1="-" ind2="1"><subfield code="a">U5001</subfield></datafield><datafield tag="LOW" ind1="-" ind2="1"><subfield code="a">A5001</subfield></datafield><datafield tag="LOW" ind1="-" ind2="1"><subfield code="a">R0001</subfield></datafield><datafield tag="LOW" ind1="-" ind2="1"><subfield code="a">R0003</subfield></datafield><datafield tag="LOW" ind1="-" ind2="1"><subfield code="a">C5001</subfield></datafield><datafield tag="LOW" ind1="-" ind2="1"><subfield code="a">C0001</subfield></datafield><datafield tag="LOW" ind1="-" ind2="1"><subfield code="a">M5001</subfield></datafield><datafield tag="LOW" ind1="-" ind2="1"><subfield code="a">N5001</subfield></datafield><datafield tag="LOW" ind1="-" ind2="1"><subfield code="a">L0001</subfield></datafield><datafield tag="LOW" ind1="-" ind2="1"><subfield code="a">F5001</subfield></datafield><datafield tag="LOW" ind1="-" ind2="1"><subfield code="a">F5010</subfield></datafield><datafield tag="LOW" ind1="-" ind2="1"><subfield code="a">R5004</subfield></datafield><datafield tag="LOW" ind1="-" ind2="1"><subfield code="a">Z9030</subfield></datafield><datafield tag="LOW" ind1="-" ind2="1"><subfield code="a">B5001</subfield></datafield><datafield tag="LOW" ind1="-" ind2="1"><subfield code="a">R2001</subfield></datafield><datafield tag="LOW" ind1="-" ind2="1"><subfield code="a">R1007</subfield></datafield><datafield tag="LOW" ind1="-" ind2="1"><subfield code="a">Z9039</subfield></datafield><datafield tag="088" ind1=" " ind2=" "><subfield code="a">Bm 3/2</subfield><subfield code="b">http://link.springer.com/journal/10502</subfield><subfield code="e">N. ausleihbar</subfield></datafield><datafield tag="088" ind1=" " ind2=" "><subfield code="a">60</subfield></datafield><datafield tag="088" ind1=" " ind2=" "><subfield code="a">1032</subfield></datafield><datafield tag="088" ind1=" " ind2=" "><subfield code="a">466</subfield></datafield><datafield tag="088" ind1=" " ind2=" "><subfield code="a">107</subfield></datafield><datafield tag="088" ind1=" " ind2=" "><subfield code="a">361</subfield></datafield><datafield tag="088" ind1=" " ind2=" "><subfield code="a">51</subfield></datafield><datafield tag="088" ind1=" " ind2=" "><subfield code="a">60</subfield><subfield code="d">20.2020 -</subfield></datafield><datafield tag="088" ind1=" " ind2=" "><subfield code="a">60</subfield><subfield code="d">1.2001 -</subfield></datafield><datafield tag="088" ind1=" " ind2=" "><subfield code="a">60</subfield><subfield code="d">1.2001 - 2.2002</subfield></datafield><datafield tag="088" ind1=" " ind2=" "><subfield code="a">Hag 4/E</subfield></datafield><datafield tag="088" ind1=" " ind2=" "><subfield code="a">61</subfield></datafield><datafield tag="088" ind1=" " ind2=" "><subfield code="a">465</subfield></datafield><datafield tag="088" ind1=" " ind2=" "><subfield code="a">386</subfield></datafield><datafield tag="088" ind1=" " ind2=" "><subfield code="a">Kob 7</subfield></datafield><datafield tag="088" ind1=" " ind2=" "><subfield code="a">Lan 1</subfield></datafield><datafield tag="088" ind1=" " ind2=" "><subfield code="a">385</subfield></datafield><datafield tag="088" ind1=" " ind2=" "><subfield code="a">82</subfield></datafield><datafield tag="088" ind1=" " ind2=" "><subfield code="a">A 96</subfield></datafield><datafield tag="088" ind1=" " ind2=" "><subfield code="a">Dm 13</subfield></datafield><datafield tag="088" ind1=" " ind2=" "><subfield code="a">1010</subfield></datafield><datafield tag="088" ind1=" " ind2=" "><subfield code="a">832</subfield></datafield><datafield tag="088" ind1=" " ind2=" "><subfield code="a">1044</subfield></datafield><datafield tag="088" ind1=" " ind2=" "><subfield code="a">Dü 62</subfield></datafield><datafield tag="088" ind1=" " ind2=" "><subfield code="a">708</subfield></datafield><datafield tag="088" ind1=" " ind2=" "><subfield code="a">294</subfield></datafield><datafield tag="088" ind1=" " ind2=" "><subfield code="a">290</subfield></datafield><datafield tag="088" ind1=" " ind2=" "><subfield code="a">743</subfield></datafield><datafield tag="088" ind1=" " ind2=" "><subfield code="a">467</subfield></datafield><datafield tag="088" ind1=" " ind2=" "><subfield code="a">468</subfield></datafield><datafield tag="088" ind1=" " ind2=" "><subfield code="a">5</subfield></datafield><datafield tag="088" ind1=" " ind2=" "><subfield code="a">6</subfield></datafield><datafield tag="088" ind1=" " ind2=" "><subfield code="a">38</subfield></datafield><datafield tag="088" ind1=" " ind2=" "><subfield code="a">38 M</subfield></datafield><datafield tag="088" ind1=" " ind2=" "><subfield code="a">Kn 41</subfield></datafield><datafield tag="088" ind1=" " ind2=" "><subfield code="a">929</subfield></datafield><datafield tag="088" ind1=" " ind2=" "><subfield code="a">Bi 10</subfield></datafield><datafield tag="088" ind1=" " ind2=" "><subfield code="a">836</subfield></datafield><datafield tag="088" ind1=" " ind2=" "><subfield code="a">829</subfield></datafield><datafield tag="088" ind1=" " ind2=" "><subfield code="a">1383</subfield></datafield><datafield tag="088" ind1=" " ind2=" "><subfield code="a">1393</subfield></datafield><datafield tag="088" ind1=" " ind2=" "><subfield code="a">1105</subfield></datafield><datafield tag="088" ind1=" " ind2=" "><subfield code="a">987</subfield></datafield><datafield tag="088" ind1=" " ind2=" "><subfield code="a">Bm 40</subfield></datafield><datafield tag="088" ind1=" " ind2=" "><subfield code="a">Hag 4</subfield></datafield><datafield tag="088" ind1=" " ind2=" "><subfield code="a">1117</subfield></datafield><datafield tag="655" ind1="e" ind2="9"><subfield code="u">http://www.bibliothek.uni-regensburg.de/ezeit/frontdoor.phtml?id=2014924&amp;bibid=STLB</subfield><subfield code="2">Z9030</subfield></datafield><datafield tag="655" ind1="e" ind2="9"><subfield code="u">http://www.bibliothek.uni-regensburg.de/ezeit/frontdoor.phtml?id=2014924&amp;bibid=KHN</subfield><subfield code="2">Z9039</subfield></datafield><datafield tag="655" ind1="e" ind2="9"><subfield code="u">http://www.bibliothek.uni-regensburg.de/ezeit/frontdoor.phtml?id=2014924&amp;bibid=UBPB</subfield><subfield code="2">P0001</subfield></datafield><datafield tag="655" ind1="e" ind2="9"><subfield code="u">http://www.bibliothek.uni-regensburg.de/ezeit/frontdoor.phtml?id=2014924&amp;bibid=LBZ</subfield><subfield code="2">R0003</subfield></datafield><datafield tag="655" ind1="e" ind2="9"><subfield code="u">http://www.bibliothek.uni-regensburg.de/ezeit/frontdoor.phtml?id=2014924&amp;bibid=UBBIE</subfield><subfield code="2">C0001</subfield></datafield><datafield tag="655" ind1="e" ind2="9"><subfield code="u">http://www.bibliothek.uni-regensburg.de/ezeit/frontdoor.phtml?id=2014924&amp;bibid=LLD</subfield><subfield code="2">L0001</subfield></datafield><datafield tag="200" ind1=" " ind2="9"><subfield code="b">20.2020 -</subfield><subfield code="2">Z9030</subfield></datafield><datafield tag="652" ind1="a" ind2="9"><subfield code="a">Online-Ressource</subfield><subfield code="2">Z9030</subfield></datafield><datafield tag="655" ind1="e" ind2="9"><subfield code="u">http://www.bibliothek.uni-regensburg.de/ezeit/?2014924&amp;bibid=STLB</subfield><subfield code="x">EZB</subfield><subfield code="2">Z9030</subfield></datafield><datafield tag="655" ind1="e" ind2="9"><subfield code="u">http://ezb.ur.de/ReadMe?bibid=STLB&amp;owner=DESPR&amp;anchor=deal_springer_current&amp;lang=de&amp;lang=de#deal_springer_current</subfield><subfield code="x">Read me</subfield><subfield code="2">Z9030</subfield></datafield><datafield tag="655" ind1="e" ind2="9"><subfield code="u">https://link.springer.com/journal/volumesAndIssues/10502</subfield><subfield code="x">Volltext</subfield><subfield code="2">Z9030</subfield></datafield><datafield tag="200" ind1=" " ind2="9"><subfield code="b">1.2001 -</subfield><subfield code="2">Z9030</subfield></datafield><datafield tag="652" ind1="a" ind2="9"><subfield code="a">Online-Ressource</subfield><subfield code="2">Z9030</subfield></datafield><datafield tag="655" ind1="e" ind2="9"><subfield code="u">http://www.bibliothek.uni-regensburg.de/ezeit/?2014924&amp;bibid=STLB</subfield><subfield code="x">EZB</subfield><subfield code="2">Z9030</subfield></datafield><datafield tag="655" ind1="e" ind2="9"><subfield code="u">http://ezb.ur.de/ReadMe?bibid=STLB&amp;owner=DESPR&amp;anchor=deal_springer&amp;lang=de&amp;lang=de#deal_springer</subfield><subfield code="x">Read me</subfield><subfield code="2">Z9030</subfield></datafield><datafield tag="655" ind1="e" ind2="9"><subfield code="u">https://link.springer.com/journal/volumesAndIssues/10502</subfield><subfield code="x">Volltext</subfield><subfield code="2">Z9030</subfield></datafield><datafield tag="200" ind1=" " ind2="9"><subfield code="b">1.2001 - 2.2002</subfield><subfield code="2">Z9030</subfield></datafield><datafield tag="652" ind1="a" ind2="9"><subfield code="a">Online-Ressource</subfield><subfield code="2">Z9030</subfield></datafield><datafield tag="655" ind1="e" ind2="9"><subfield code="u">http://www.bibliothek.uni-regensburg.de/ezeit/?2014924&amp;bibid=STLB</subfield><subfield code="x">EZB</subfield><subfield code="2">Z9030</subfield></datafield><datafield tag="655" ind1="e" ind2="9"><subfield code="u">http://ezb.ur.de/ReadMe?bibid=STLB&amp;owner=NALI2&amp;anchor=natli_springer&amp;lang=de&amp;lang=de#natli_springer</subfield><subfield code="x">Read me</subfield><subfield code="2">Z9030</subfield></datafield><datafield tag="655" ind1="e" ind2="9"><subfield code="u">http://link.springer.com/journal/10502</subfield><subfield code="x">Volltext</subfield><subfield code="2">Z9030</subfield></datafield><datafield tag="655" ind1="e" ind2="9"><subfield code="u">http://www.bibliothek.uni-regensburg.de/ezeit/frontdoor.phtml?id=2014924&amp;bibid=MFHB</subfield><subfield code="2">I500E</subfield></datafield><datafield tag="655" ind1="e" ind2="9"><subfield code="u">http://www.bibliothek.uni-regensburg.de/ezeit/frontdoor.phtml?id=2014924&amp;bibid=ULBD</subfield><subfield code="2">X0001</subfield></datafield><datafield tag="655" ind1="e" ind2="9"><subfield code="u">http://www.bibliothek.uni-regensburg.de/ezeit/frontdoor.phtml?id=2014924&amp;bibid=UGHE</subfield><subfield code="2">E0001</subfield></datafield><datafield tag="655" ind1="e" ind2="9"><subfield code="u">http://www.bibliothek.uni-regensburg.de/ezeit/frontdoor.phtml?id=2014924&amp;bibid=UBKL</subfield><subfield code="2">R3001</subfield></datafield><datafield tag="655" ind1="e" ind2="9"><subfield code="u">http://www.bibliothek.uni-regensburg.de/ezeit/frontdoor.phtml?id=2014924&amp;bibid=BIBKO</subfield><subfield code="2">RL001</subfield></datafield><datafield tag="655" ind1="e" ind2="9"><subfield code="u">http://www.bibliothek.uni-regensburg.de/ezeit/frontdoor.phtml?id=2014924&amp;bibid=BIBKO</subfield><subfield code="2">RL002</subfield></datafield><datafield tag="655" ind1="e" ind2="9"><subfield code="u">http://www.bibliothek.uni-regensburg.de/ezeit/frontdoor.phtml?id=2014924&amp;bibid=UBTR</subfield><subfield code="2">T0011</subfield></datafield><datafield tag="655" ind1="e" ind2="9"><subfield code="u">http://www.bibliothek.uni-regensburg.de/ezeit/frontdoor.phtml?id=2014924&amp;bibid=BTHAC</subfield><subfield code="2">A0001</subfield></datafield><datafield tag="655" ind1="e" ind2="9"><subfield code="u">http://www.bibliothek.uni-regensburg.de/ezeit/frontdoor.phtml?id=2014924&amp;bibid=FHBAA</subfield><subfield code="2">A5001</subfield></datafield><datafield tag="655" ind1="e" ind2="9"><subfield code="u">http://www.bibliothek.uni-regensburg.de/ezeit/frontdoor.phtml?id=2014924&amp;bibid=FHBDO</subfield><subfield code="2">U5001</subfield></datafield><datafield tag="655" ind1="e" ind2="9"><subfield code="u">http://www.bibliothek.uni-regensburg.de/ezeit/frontdoor.phtml?id=2014924&amp;bibid=FHBGE</subfield><subfield code="2">G5001</subfield></datafield><datafield tag="655" ind1="e" ind2="9"><subfield code="u">http://www.bibliothek.uni-regensburg.de/ezeit/frontdoor.phtml?id=2014924&amp;bibid=FHBK</subfield><subfield code="2">K5001</subfield></datafield><datafield tag="655" ind1="e" ind2="9"><subfield code="u">http://www.bibliothek.uni-regensburg.de/ezeit/frontdoor.phtml?id=2014924&amp;bibid=FHBRS</subfield><subfield code="2">J5001</subfield></datafield><datafield tag="655" ind1="e" ind2="9"><subfield code="u">http://www.bibliothek.uni-regensburg.de/ezeit/frontdoor.phtml?id=2014924&amp;bibid=FHD</subfield><subfield code="2">X5001</subfield></datafield><datafield tag="655" ind1="e" ind2="9"><subfield code="u">http://www.bibliothek.uni-regensburg.de/ezeit/frontdoor.phtml?id=2014924&amp;bibid=FUH</subfield><subfield code="2">F0001</subfield></datafield><datafield tag="655" ind1="e" ind2="9"><subfield code="u">http://www.bibliothek.uni-regensburg.de/ezeit/frontdoor.phtml?id=2014924&amp;bibid=RUBO</subfield><subfield code="2">B0001</subfield></datafield><datafield tag="655" ind1="e" ind2="9"><subfield code="u">http://www.bibliothek.uni-regensburg.de/ezeit/frontdoor.phtml?id=2014924&amp;bibid=UBDO</subfield><subfield code="2">U0001</subfield></datafield><datafield tag="655" ind1="e" ind2="9"><subfield code="u">http://www.bibliothek.uni-regensburg.de/ezeit/frontdoor.phtml?id=2014924&amp;bibid=FHLH</subfield><subfield code="2">L5001</subfield></datafield><datafield tag="655" ind1="e" ind2="9"><subfield code="u">http://www.bibliothek.uni-regensburg.de/ezeit/frontdoor.phtml?id=2014924&amp;bibid=UBSI</subfield><subfield code="2">S0001</subfield></datafield><datafield tag="655" ind1="e" ind2="9"><subfield code="u">http://www.bibliothek.uni-regensburg.de/ezeit/frontdoor.phtml?id=2014924&amp;bibid=UBWUP</subfield><subfield code="2">W0001</subfield></datafield><datafield tag="655" ind1="e" ind2="9"><subfield code="u">http://www.bibliothek.uni-regensburg.de/ezeit/frontdoor.phtml?id=2014924&amp;bibid=ULBB</subfield><subfield code="2">Q0001</subfield></datafield><datafield tag="655" ind1="e" ind2="9"><subfield code="u">http://www.bibliothek.uni-regensburg.de/ezeit/frontdoor.phtml?id=2014924&amp;bibid=ULBMS</subfield><subfield code="2">M0001</subfield></datafield><datafield tag="655" ind1="e" ind2="9"><subfield code="u">http://www.bibliothek.uni-regensburg.de/ezeit/frontdoor.phtml?id=2014924&amp;bibid=USBK</subfield><subfield code="2">K0001</subfield></datafield><datafield tag="655" ind1="e" ind2="9"><subfield code="u">http://www.bibliothek.uni-regensburg.de/ezeit/frontdoor.phtml?id=2014924&amp;bibid=ZBMED</subfield><subfield code="2">KM001</subfield></datafield><datafield tag="655" ind1="e" ind2="9"><subfield code="u">http://www.bibliothek.uni-regensburg.de/ezeit/frontdoor.phtml?id=2014924&amp;bibid=ZBSK</subfield><subfield code="2">KP001</subfield></datafield><datafield tag="655" ind1="e" ind2="9"><subfield code="u">http://www.bibliothek.uni-regensburg.de/ezeit/frontdoor.phtml?id=2014924&amp;bibid=LBZ</subfield><subfield code="2">R0001</subfield></datafield><datafield tag="655" ind1="e" ind2="9"><subfield code="u">http://www.bibliothek.uni-regensburg.de/ezeit/frontdoor.phtml?id=2014924&amp;bibid=FHBI</subfield><subfield code="2">C5001</subfield></datafield><datafield tag="655" ind1="e" ind2="9"><subfield code="u">http://www.bibliothek.uni-regensburg.de/ezeit/frontdoor.phtml?id=2014924&amp;bibid=FHBMS</subfield><subfield code="2">M5001</subfield></datafield><datafield tag="655" ind1="e" ind2="9"><subfield code="u">http://www.bibliothek.uni-regensburg.de/ezeit/frontdoor.phtml?id=2014924&amp;bibid=HSNRH</subfield><subfield code="2">N5001</subfield></datafield><datafield tag="655" ind1="e" ind2="9"><subfield code="u">http://www.bibliothek.uni-regensburg.de/ezeit/frontdoor.phtml?id=2014924&amp;bibid=HRW</subfield><subfield code="2">F5001</subfield></datafield><datafield tag="655" ind1="e" ind2="9"><subfield code="u">http://www.bibliothek.uni-regensburg.de/ezeit/frontdoor.phtml?id=2014924&amp;bibid=HRWMB</subfield><subfield code="2">F5010</subfield></datafield><datafield tag="655" ind1="e" ind2="9"><subfield code="u">http://www.bibliothek.uni-regensburg.de/ezeit/frontdoor.phtml?id=2014924&amp;bibid=HKRAC</subfield><subfield code="2">R2001</subfield></datafield><datafield tag="655" ind1="e" ind2="9"><subfield code="u">http://www.bibliothek.uni-regensburg.de/ezeit/frontdoor.phtml?id=2014924&amp;bibid=HKRMC</subfield><subfield code="2">R1007</subfield></datafield><datafield tag="655" ind1="e" ind2="9"><subfield code="u">http://www.bibliothek.uni-regensburg.de/ezeit/frontdoor.phtml?id=2014924&amp;bibid=FHBO</subfield><subfield code="2">B5001</subfield></datafield></record></metadata></record></ListRecords></OAI-PMH>